
%%LIBROS **********************************************************************************************************

@book{BauerKing2005,
	author = {Bauer, C. y King, G.},
	title = {Hibernate in Action},
	year = {2005},
	publisher = {Manning Publications},
}

@book{SilberschatzKorthSudarshan2006,
	author = {Silberschatz, A. y  Sudarshan,  S.},
	title = {Fundamentos de Bases de Datos},
	year = {2006},
	publisher = {McGraw-Hill},
}

%%TESIS **********************************************************************************************************

@mastersthesis{Freire2008,
	author = {Freire, T.},
	title = {Estudio de la Técnica ORM (Mapeo Objeto – Relacional)},
	year = {2008},
	address  = {Universidad Técnica del Norte, Ecuador},
	howpublished = {Recuperado de  {http://repositorio.utn.edu.ec/bitstream/123456789/571/1/Tesis.pdf}},
	note = {Accedido el 14-09-2019}
}

@mastersthesis{Zulaica2011,
	author = {Zulaica, B.},
	title = {Problemas de performance en el uso de mapeadores objeto/relacional en aplicaciones con
grandes volúmenes de datos},
	year = {2011},
	address  = {Universidad Nacional de la Plata, Argentina},
	howpublished = {Recuperado de  {https://n9.cl/p1wg}},
	note = {Accedido el 14-09-2019}
}

%%ARTICULOS********************************************************************************************************

@article{Polo2013,
	author = {Polo, L.},
	title = {Estudio comparativo de sistemas de mapeo objeto relacional desarrolladosen plataformas Open Source},
	journal = {Revista Citecsa},
	year = {2013},
	address  = {Colombia},
	howpublished = {Recuperado de  {https://n9.cl/t97k1}},
	note = {Accedido el 15-09-2019}
}


@article{Borja2010,
	author = {Borja, A.},
	title = {Mapeo de Objeto Relacional (ORM)},
	journal = {Universidad Autónoma Latinoamericana},
	year = {2013},
	address  = {Colombia},
	howpublished = {Recuperado de  {https://n9.cl/213}},
	note = {Accedido el 15-09-2019}
}

%%PAGINAS WEB ******************************************************************************************************
@misc{Deloitte1,
	author = {Muro, J.},
	title = {¿Qué es un ORM?},
	year = {ne},
	howpublished = {Recuperado de  {https://n9.cl/o53g}},
	note = {Accedido el 13-09-2019}
}

@misc{Deloitte2,
	author = {Muro, J.},
	title = {¿Cuándo usar un ORM?},
	year = {ne},
	howpublished = {Recuperado de  {https://n9.cl/od9}},
	note = {Accedido el 13-09-2019}
}
 
@misc{Deloitte3,
	author = {Muro, J.},
	title = {¿Cómo optimizar el rendimiento de tu ORM?},
	year = {ne},
	howpublished = {Recuperado de  {https://n9.cl/dypj}},
	note = {Accedido el 13-09-2019}
}

@misc{DapperNet,
	author = {Dapper},
	title = {Dapper Tutorial},
	year = {ne},
	howpublished = {Recuperado de  {https://dapper-tutorial.net/es/tutorial/1000167/apuesto}},
	note = {Accedido el 16-09-2019}
}


